@String(jan = "January")
@String(feb = "February")
@String(mar = "March")
@String(apr = "April")
@String(may = "May")
@String(jun = "June")
@String(jul = "July")
@String(aug = "August")
@String(sep = "September")
@String(oct = "October")
@String(nov = "November")
@String(dec = "December")

@String(springer  = "Springer")
@String(oreilly   = "O'Reilly Media, Inc.")
@String(elsevier  = "Elsevier")
@String(wiley     = "Wiley")
@String(citeseer  = "Citeseer")
@String(harvard   = "Harvard Business Press")
@String(hbr       = "Harvard Business Review")
@String(routledge = "Routledge")
@String(jstor     = "JSTOR")
@String{mit       = "MIT Press"}
@String(wiley     = "Wiley Online Library")

@article{gordijn2001,
  title     = {{Designing and evaluating e-Business models}},
  author    = {Gordijn, J. and Akkermans, H.},
  journal   = {IEEE Intelligent Systems},
  pages     = {11--17},
  year      = {2001},
  publisher = {IEEE Computer Society}
}

@misc{wilson2006,
  title   = {{The Freemium Business Model}},
  journal = {A VC},
  author  = {Wilson, F.},
  year    = {2006},
  month   = mar,
  howpublished = {Retrieved Oct 14, 2010, from \url{http://www.avc.com/a_vc/2006/03/the_freemium_bu.html}}
}

@misc{stallman2010,
  title        = {{The Free Software Definition}},
  journal      = {{GNU Project --- Free Software Foundation (FSF)}},
  author       = {Stallman, R.},
  year         = {2010},
  howpublished = {Retrieved Oct 24, 2010, from \url{http://www.gnu.org/philosophy/free-sw.html}}  
}

@article{doerr2010,
  title     = {{Pricing of Content Services--An Empirical Investigation of Music as a Service}},
  author    = {Doerr, J. and Benlian, A. and Vetter, J. and Hess, T.},
  journal   = {Sustainable e-Business Management},
  pages     = {13--24},
  year      = {2010},
  publisher = springer
}

@article{shuen2008,
  title     = {{Web 2.0: A Strategy Guide Business thinking and strategies behind successful Web 2.0 implementations.}},
  author    = {Shuen, A.},
  year      = {2008},
  publisher = oreilly
}

@article{teece2010,
  title     = {{Business models, business strategy and innovation}},
  author    = {Teece, D.J.},
  journal   = {Long Range Planning},
  volume    = {43},
  number    = {2-3},
  pages     = {172--194},
  year      = {2010},
  publisher = elsevier
}

@book{osterwalder2010,
  title     = {{Business Model Generation: A Handbook for Visionaries, Game Changers, and Challengers}},
  author    = {Osterwalder, A. and Pigneur, Y.},
  year      = {2010},
  publisher = wiley
}

@article{miller2009,
  author  = {Miller, C.C.},
  title   = {{Ad Revenue on the Web? No Sure Bet}},
  journal = {The New York Times},
  note    = {Retrieved on Oct 14, 2010, from \url{http://www.nytimes.com/2009/05/25/technology/start-ups/25startup.html}},
  year    = {2009},
  month   = may
}

@book{dagestad2010,
  title     = {{Vekstbedriften - fra innovasjon til lønnsom drift}},
  author    = {Dagestad, S. and Dahle, Y. and Verde, P.},
  isbn      = {9788215016481},
  year      = {2010},
  publisher = {Universitetsforlaget},
  address   = {Oslo, Norway}
}

@article{shafer2005,
  title   = "The power of business models",
  author  = "S. M. Shafer and H. J. Smith and J. C. Linder",
  journal = "Business Horizons",
  volume  = "48",
  number  = "3",
  pages   = {199--207},
  year    = {2005},
  issn    = "0007-6813",
  publisher = elsevier
}

@article{pateli2004,
  title     = {{A research framework for analysing eBusiness models}},
  author    = {Pateli, A.G. and Giaglis, G.M.},
  journal   = {European Journal of Information Systems},
  volume    = {13},
  number    = {4},
  pages     = {302--314},
  year      = {2004},
  publisher = {Nature Publishing Group}
}

@conference{rajala2003,
  title        = {{A framework for analyzing software business models}},
  author       = {Rajala, R. and Rossi, M. and Tuunainen, V.K.},
  booktitle    = {Proceedings of 11th European Conference on Information Systems, New Paradigms in Organisations, Markets and Society},
  year         = {2003},
  organization = citeseer
}

@article{demil2010,
  title     = {{Business Model Evolution: In Search of Dynamic Consistency}},
  author    = {Demil, B. and Lecocq, X.},
  journal   = {Long Range Planning},
  volume    = {43},
  number    = {2-3},
  pages     = {227--246},
  year      = {2010},
  publisher = elsevier
}

@article{porter2001,
  title   = {{Strategy and the Internet}},
  author  = {Porter, M.E. and others},
  journal = {Harvard business review},
  volume  = {79},
  number  = {3},
  pages   = {62--79},
  year    = {2001}
}

@article{boynton1984,
  title  = {{An assessment of critical success factors}},
  author = {Boynton, A.C. and Zmud, R.W.},
  journal= {Sloan Management Review},
  volume = {25},
  pages  = {17},
  year   = {1984}
}

@article{vassilopoulou2003,
  title     = {{Examining e-business models: applying a holistic approach in the mobile environment}},
  author    = {Vassilopoulou, K. and Ziouvelou, X. and Pateli, A. and Pouloudi, N. and Polyxeni, Z. and Adamantia, P.},
  year      = {2003},
  publisher = citeseer
}

@article{timmers1998,
  title     = {{Business models for electronic markets}},
  author    = {Timmers, P.},
  journal   = {Electronic markets},
  volume    = {8},
  number    = {2},
  pages     = {3--8},
  year      = {1998},
  publisher = routledge
}

@conference{osterwalder2002,
  title        = {{An e-business model ontology for modeling e-business}},
  author       = {Osterwalder, A. and Pigneur, Y. and others},
  booktitle    = {15th Bled Electronic Commerce Conference},
  pages        = {17--19},
  year         = {2002},
  organization = citeseer
}

@article{osterwalder2004,
  title={{An ontology for e-business models}},
  author={Osterwalder, A. and Pigneur, Y.},
  journal={Value Creation from E-Business Models. W. Currie, Butterworth-Heinemann},
  year={2004},
  publisher={Citeseer}
}

@article{rappa2010,
  title   = {{Business models on the web}},
  author  = {Rappa, M.},
  note    = {Retrieved on Oct 15, 2010, from \url{http://digitalenterprise.org/models/models.html}},
  journal = {Managing the digital enterprise},
  year    = {2000}
}

@book{weill2001,
  title     = {{Place to space: Migrating to eBusiness Models}},
  author    = {Weill, P. and Vitale, M.R.},
  year      = {2001},
  publisher = harvard
}

@article{linder2000,
  title   = {{Changing business models: surveying the landscape}},
  author  = {Linder, JC and Cantrell, S.},
  journal = {Accenture Institute for Strategic Change},
  pages   = {1--15},
  year    = {2000}
}

@article{daniel1968,
  title     = {{Management information crisis}},
  author    = {Daniel, D.R.},
  journal   = {Managerial control through communication; systems for organizational diagnosis and design},
  pages     = {297},
  year      = {1968},
  publisher = wiley
}

@article{rockart79,
  title   = {{Chief executives define their own data needs.}},
  author  = {Rockart, J.F.},
  journal = {Harvard Business Review},
  year    = {1979},
  volume  = {57},
  number  = {2},
  pages   = {81--93}
}

@article{fritz2004,
  title     = {{Success Factors of Internet-Based Business Models}},
  author    = {Fritz, W.},
  journal   = {Modern concepts of the theory of the firm: managing enterprises of the new economy},
  pages     = {69},
  year      = {2004},
  publisher = springer
}

@inbook{albers2002,
  author    = {Albers, S. and Panten, G.},
  editor    = {Schäfers, B.},
  title     = {{Die eCommerce-Gewinner. Wie Unternehmen im Web profitabel wurden. 10 Erfolgsgeschichten aus erster Hand.}},
  chapter   = {{Marktumfeld für eCommerce-Gewinner -- gestern und heute}},
  publisher = {Frankfurter Allgemeine Buch},
  pages     = {23--53},
  year      = {2002},
  month     = may
}

@article{osterwalder2005,
  title     = {{Clarifying business models: Origins, present, and future of the concept}},
  author    = {Osterwalder, A. and Pigneur, Y. and Tucci, C.L.},
  journal   = {Communications of the association for Information Systems},
  volume    = {16},
  number    = {1},
  pages     = {1--25},
  year      = {2005},
  publisher = citeseer
}

@inproceedings{petrovic01,
  title     = {{Developing Business Models for eBusiness}},
  author    = {Petrovic, O. and Kittl, C. and Teksten, R. D.},
  year      = {2001},
  booktitle = {{Proceedings of the International Conference on Electronic Commerce}}
}

@article{varian2000,
  title     = {{Buying, sharing and renting information goods}},
  author    = {Varian, H.R.},
  journal   = {The Journal of Industrial Economics},
  volume    = {48},
  number    = {4},
  pages     = {473--488},
  year      = {2000},
  publisher = wiley
}

@article{varian1997,
  title    = {{Versioning information goods}},
  author   = {Varian, H.R.},
  journal  = {University of California, Berkeley},
  year     = {1997},
  publisher= citeseer
}

@conference{varian1995,
  title        = {{Pricing information goods}},
  author       = {Varian, H.R.},
  booktitle    = {Proceedings of Scholarship in the New Information Environment Symposium, Harvard Law School},
  year         = {1995},
  organization = citeseer
}

@article{magretta2002,
  title   = {{Why business models matter}},
  author  = {Magretta, J.},
  volume  = {80},
  number  = {5},
  pages   = {86--93},
  year    = {2002},
  journal = hbr
}

@conference{gordijn2002,
  title        = {{$e^3$-value in a nutshell}},
  author       = {Gordijn, J.},
  booktitle    = {International Workshop on E-Business Modeling, HEC Business School},
  year         = {2002},
  organization = citeseer
}

@unpublished{malone2006,
  title  = {{Do Some Business Models Perform Better than Others?}},
  author = {Malone, T.W. and Weill, P. and Lai, R.K. and D’Urso, V.T. and Herman, G. and Apel, T.G. and Woerner, S.L. and D'Urso, V.T.},
  note   = {MIT Sloan Working Paper 4615-06},
  year   = {2006}
}

@article{chesbrough2002,
  title     = {{The role of the business model in capturing value from innovation: evidence from Xerox Corporation's technology spin-off companies}},
  author    = {Chesbrough, H. and Rosenbloom, R.S.},
  journal   = {Industrial and corporate change},
  volume    = {11},
  number    = {3},
  pages     = {529},
  year      = {2002},
  publisher = {Oxford Univ Press}
}

@conference{seddon2003,
  title     = {{Strategy and business models: What's the difference}},
  author    = {Seddon, P.B. and Lewis, G.P.},
  booktitle = {7th Pacific Asia Conference on Information Systems, Adelaide, South Australia},
  pages     = {236--248},
  year      = {2003}
}

@book{porter1985,
  title     = {{Competitive advantage}},
  author    = {Porter, M.E.},
  year      = {1985},
  publisher = {Free Press New York}
}

@article{porter1996,
  title   = {{What is strategy?}},
  author  = {Porter, M. E.},
  journal = hbr,
  volume  = {74},
  number  = {6},
  pages   = {61--78},
  year    = {1996}
}

@article{amit2001,
  title     = {{Value creation in E-business}},
  author    = {Amit, R. and Zott, C.},
  journal   = {Strategic Management Journal},
  volume    = {22},
  number    = {6-7},
  pages     = {493--520},
  year      = {2001},
  publisher = wiley
}

@book{tapscott2000,
  title={{Digital capital: harnessing the power of business webs}},
  author={Tapscott, D. and Lowy, A. and Ticoll, D.},
  year={2000},
  publisher={Harvard Business Press}
}

@book{tapscott1998,
  title={{Blueprint to the digital economy: Creating wealth in the era of e-business}},
  author={Tapscott, D. and Lowy, A. and Ticoll, D. and Klym, N. and NetLibrary, Inc},
  year={1998},
  publisher={HeinOnline}
}

@article{alt2001,
  title={{Preface: Introduction to Special Section--Business Models}},
  author={Alt, R. and Zimmermann, H.D.},
  journal={Electronic Markets},
  volume={11},
  number={1},
  pages={3--9},
  year={2001},
  publisher={Routledge}
}

@article{stabell1998,
  title={{Configuring value for competitive advantage: on chains, shops, and networks}},
  author={Stabell, C.B. and Fjeldstad, {\O}.D.},
  journal={Strategic Management Journal},
  volume={19},
  number={5},
  pages={413--437},
  year={1998},
  publisher={John Wiley \& Sons}
}

@book{holsti1969,
  title={{Content analysis for the social sciences and humanities}},
  author={Holsti, O.R.},
  year={1969},
  publisher={Addison-Wesley Reading, MA}
}

@book{shapiro1999,
  title={{Information rules: a strategic guide to the network economy}},
  author={Shapiro, C. and Varian, H.R.},
  year={1999},
  publisher={Harvard Business Press}
}

@article{mahadevan2000,
  title={{Business models for Internet-based e-commerce: An anatomy}},
  author={Mahadevan, B.},
  journal={California management review},
  volume={42},
  number={4},
  pages={55--69},
  year={2000},
  publisher={UNIVERSITY OF CALIFORNIA}
}

@book{brand1988,
  title={{The media lab: inventing the future at MIT}},
  author={Brand, S.},
  year={1988},
  publisher={Penguin Books New York, NY, USA}
}

@book{anderson2009,
  title={{Free: The future of a radical price}},
  author={Anderson, C.},
  year={2009},
  publisher={Hyperion}
}

@article{smith1995,
  title={{Frames of reference and buyers' perception of price and value}},
  author={Smith, G.E. and Nagle, T.T.},
  journal={California Management Review},
  volume={38},
  pages={98--116},
  year={1995},
  publisher={UNIVERSITY OF CALIFORNIA}
}

@article{simonson1992,
  title={{Choice in context: Tradeoff contrast and extremeness aversion}},
  author={Simonson, I. and Tversky, A.},
  journal={Journal of Marketing Research},
  volume={29},
  number={3},
  pages={281--295},
  year={1992},
  publisher=jstor
}

@article{chernev2004,
  title={{Extremeness aversion and attribute-balance effects in choice}},
  author={Chernev, A.},
  journal={Journal of Consumer Research},
  volume={31},
  number={2},
  pages={249--263},
  year={2004},
  publisher=jstor
}

@article{tversky1993,
  title={{Context-dependent preferences}},
  author={Tversky, A. and Simonson, I.},
  journal={Management Science},
  volume={39},
  number={10},
  pages={1179--1189},
  year={1993},
  publisher=jstor
}

@article{huber1982,
  title={{Adding asymmetrically dominated alternatives: Violations of regularity and the similarity hypothesis}},
  author={Huber, J. and Payne, J.W. and Puto, C.},
  journal={Journal of Consumer Research},
  volume={9},
  number={1},
  pages={90--98},
  year={1982},
  publisher=jstor
}

@book{varian1999,
  title={{Markets for information goods}},
  author={Varian, H.R. and Ginko, N.},
  year={1999},
  publisher=citeseer
}

@book{osullivan2003,
  title={{Economics: Principles in action}},
  author={O’Sullivan, A. and Sheffrin, S.M.},
  year={2003},
  publisher={Upper Saddle River, New Jersey: Pearson Prentice Hall}
}

@article{shampanier2007,
  title={{Zero as a special price: The true value of free products}},
  author={Shampanier, K. and Mazar, N. and Ariely, D.},
  journal={Marketing Science},
  volume={26},
  number={6},
  pages={742--757},
  year={2007},
  publisher={Citeseer}
}

@article{tversky1992,
  title={{Choice under conflict: The dynamics of deferred decision}},
  author={Tversky, A. and Shafir, E.},
  journal={Psychological Science},
  volume={3},
  number={6},
  pages={358},
  year={1992},
  publisher={SAGE Publications}
}

@article{luce1998,
  title={{Choosing to avoid: Coping with negatively emotion-laden consumer decisions}},
  author={Luce, M.F.},
  journal={Journal of Consumer Research},
  volume={24},
  number={4},
  pages={409--433},
  year={1998},
  publisher={JSTOR}
}

@article{iyengar2000,
  title={{When choice is demotivating: Can one desire too much of a good thing?}},
  author={Iyengar, S.S. and Lepper, M.R.},
  journal={Journal of personality and social psychology},
  volume={79},
  number={6},
  pages={995--1006},
  year={2000},
  publisher={APA AMERICAN PSYCHOLOGICAL ASSOCIATION}
}

@article{diederich2003,
  title={{Decision making under conflict: Decision time as a measure of conflict strength}},
  author={Diederich, A.},
  journal={Psychonomic bulletin \& review},
  volume={10},
  number={1},
  pages={167},
  year={2003},
  publisher={Psychonomic Society Publications}
}

@article{jiang2010,
  title={{How to give away software with successive versions}},
  author={Jiang, Z.},
  journal={Decision Support Systems},
  year={2010},
  publisher={Elsevier}
}

@article{haruvy1998,
  title={{Optimal product strategies in the presence of network externalities}},
  author={Haruvy, E. and Prasad, A.},
  journal={Information Economics and Policy},
  volume={10},
  number={4},
  pages={489--499},
  year={1998},
  publisher={Elsevier}
}

@article{haruvy2001,
  title={{Optimal freeware quality in the presence of network externalities: an evolutionary game theoretical approach}},
  author={Haruvy, E. and Prasad, A.},
  journal={Journal of Evolutionary Economics},
  volume={11},
  number={2},
  pages={231--248},
  year={2001},
  publisher={Springer}
}

@article{gallaugher1999,
  title={{Network effects and the impact of free goods: an analysis of the Web server market}},
  author={Gallaugher, J.M. and Wang, Y.M.},
  journal={International Journal of Electronic Commerce},
  volume={3},
  number={4},
  pages={67--88},
  year={1999},
  publisher={ME Sharpe, Inc.}
}

@inproceedings{manica2003,
  title={{Optimal software demonstration design}},
  author={Manica, D.J. and Mookerjee, V. and Rhee, S.},
  booktitle={Proceedings of the 13th Annual Workshop for Information Technology Systems},
  year={2003},
  address={Seattle, WA}
}

@article{chakravarty2006,
  title={{A hedonic study of network effects in the market for word processing software}},
  author={Chakravarty, S. and Dogan, K. and Tomlinson, N.},
  journal={Decision Support Systems},
  volume={41},
  number={4},
  pages={747--763},
  year={2006},
  publisher={Elsevier}
}

@article{faugere2007,
  title={{Designing free software samples: a game theoretic approach}},
  author={Faugère, C. and Tayi, G.K.},
  journal={Information Technology and Management},
  volume={8},
  number={4},
  pages={263--278},
  year={2007},
  publisher={Springer}
}

@article{hui2008,
  title={{Economics of shareware: How do uncertainty and piracy affect shareware quality and brand premium?}},
  author={Hui, W. and Yoo, B. and Tam, K.Y.},
  journal={Decision Support Systems},
  volume={44},
  number={3},
  pages={580--594},
  year={2008},
  publisher={Elsevier}
}

@article{jiang2009,
  title={{Speed Matters: The Role of Free Software Offer in Software Diffusion}},
  author={Jiang, Z. and Sarkar, S.},
  journal={Journal of Management Information Systems},
  volume={26},
  number={3},
  pages={207--240},
  year={2009},
  publisher={ME Sharpe}
}

@article{cheng2010,
  title={{Free trial or no free trial: Optimal software product design with network effects}},
  author={Cheng, H.K. and Tang, Q.C.},
  journal={European Journal of Operational Research},
  volume={205},
  number={2},
  pages={437--447},
  year={2010},
  publisher={Elsevier}
}

@article{cheng2008,
  type={Working Paper Series},
  title={{Optimal Software Free Trial Strategy: The Impact of Network Externalities and Consumer Uncertainty}},
  author={Cheng, H.K. and Liu, Y.},
  journal={SSRN eLibrary},
  year={2008},
  publisher={SSRN},
  location={http://ssrn.com/paper=1013459}
}

@article{gallaugher2002,
  title={{Understanding network effects in software markets: Evidence from web server pricing}},
  author={Gallaugher, J.M. and Wang, Y.M.},
  journal={MIS Quarterly},
  volume={26},
  number={4},
  pages={303--327},
  year={2002},
  publisher={JSTOR}
}

@article{katz1985,
  title={{Network externalities, competition, and compatibility}},
  author={Katz, M.L. and Shapiro, C.},
  journal={The American economic review},
  volume={75},
  number={3},
  pages={424--440},
  year={1985},
  publisher={JSTOR}
}

@article{katz1986,
  title={{Technology adoption in the presence of network externalities}},
  author={Katz, M.L. and Shapiro, C.},
  journal={The Journal of Political Economy},
  volume={94},
  number={4},
  pages={822--841},
  year={1986},
  publisher={JSTOR}
}

@article{katz1992,
  title={{Product introduction with network externalities}},
  author={Katz, M.L. and Shapiro, C.},
  journal={The Journal of Industrial Economics},
  volume={40},
  number={1},
  pages={55--83},
  year={1992},
  publisher={JSTOR}
}

@article{farrell1985,
  title={{Standardization, compatibility, and innovation}},
  author={Farrell, J. and Saloner, G.},
  journal={The RAND Journal of Economics},
  volume={16},
  number={1},
  pages={70--83},
  year={1985},
  publisher={JSTOR}
}

@article{farrell1986,
  title={{Installed base and compatibility: Innovation, product preannouncements, and predation}},
  author={Farrell, J. and Saloner, G.},
  journal={The American Economic Review},
  volume={76},
  number={5},
  pages={940--955},
  year={1986},
  publisher={JSTOR}
}

@article{brynjolfsson1996,
  title={{Network externalities in microcomputer software: An econometric analysis of the spreadsheet market}},
  author={Brynjolfsson, E. and Kemerer, C.F.},
  journal={Management Science},
  pages={1627--1647},
  year={1996},
  publisher={JSTOR}
}

@article{lee2003,
  title={{Exploration and exploitation in the presence of network externalities}},
  author={Lee, J. and Lee, J. and Lee, H.},
  journal={Management Science},
  volume={49},
  number={4},
  pages={553--570},
  year={2003},
  publisher={JSTOR}
}

@book{moore2002,
  title={{Crossing the chasm: Marketing and selling high-tech products to mainstream customers}},
  author={Moore, G.A.},
  isbn={0060517123},
  year={2002},
  publisher={Harper Paperbacks}
}

@article{hendler2008,
  title     = {{Metcalfe's law, Web 2.0, and the Semantic Web}},
  author    = {Hendler, J. and Golbeck, J.},
  journal   = {Web Semantics: Science, Services and Agents on the World Wide Web},
  volume    = {6},
  number    = {1},
  pages     = {14--20},
  year      = {2008},
  publisher = {Elsevier}
}

@article{metcalfe1995,
  title   = {{Metcalfe’s Law: A network becomes more valuable as it reaches more users}},
  author  = {Metcalfe, B.},
  journal = {Infoworld},
  volume  = {17},
  number  = {40},
  pages   = {53--54},
  year    = {1995}
}

@article{reed2001,
  title     = {{The law of the pack}},
  author    = {Reed, D.P.},
  journal   = {Harvard Business Review},
  volume    = {79},
  number    = {2},
  pages     = {23--25},
  year      = {2001},
  publisher = hbs
}

@article{parker2005,
  title   = {{Two-Sided Network Effects: A Theory of Information Product Design}},
  author  = {Parker, G.G. and Van Alstyne, M.W.},
  journal = {Management Science},
  volume  = {51},
  number  = {10},
  pages   = {1494--1504},
  year    = {2005}
}

@article{agarwal1997,
  title     = {{The role of innovation characteristics and perceived voluntariness in the acceptance of information technologies}},
  author    = {Agarwal, R. and Prasad, J.},
  journal   = {Decision Sciences},
  volume    = {28},
  number    = {3},
  pages     = {557--582},
  year      = {1997},
  publisher = wiley
}

@article{rochet2006,
  title     = {{Two-sided markets: a progress report}},
  author    = {Rochet, J.C. and Tirole, J.},
  journal   = {The RAND Journal of Economics},
  volume    = {37},
  number    = {3},
  pages     = {645--667},
  issn      = {1756-2171},
  year      = {2006},
  publisher = wiley
}

@article{weyl2006,
  title  = {{The Price Theory of Two-Sided Markets}},
  author = {Weyl, E.G.},
  year   = {2006}
}

@article{rysman2009,
  title     = {{The economics of two-sided markets}},
  author    = {Rysman, M.},
  journal   = {The Journal of Economic Perspectives},
  volume    = {23},
  number    = {3},
  pages     = {125--143},
  issn      = {0895-3309},
  year      = {2009},
  publisher = {American Economic Association}
}

@article{rochet2003,
  title     = {{Platform competition in two-sided markets}},
  author    = {Rochet, J.C. and Tirole, J.},
  journal   = {Journal of the European Economic Association},
  volume    = {1},
  number    = {4},
  pages     = {990--1029},
  issn      = {1542-4766},
  year      = {2003},
  publisher = mit
}

@article{weyl2009,
  title   = {{Heterogeneity in two-sided markets}},
  author  = {Weyl, E.G.},
  journal = {Unpublished Manuscript, Harvard University},
  year    = {2009}
}

@article{zott2008,
  title={{The fit between product market strategy and business model: implications for firm performance}},
  author={Zott, C. and Amit, R.},
  journal={Strategic Management Journal},
  volume={29},
  number={1},
  pages={1--26},
  issn={1097-0266},
  year={2008},
  publisher=wiley
}

@misc{greene2003,
  title={{Sociology and You}},
  author={Greene, RW},
  year={2003},
  publisher={Ohio: Glencoe McGraw--Hill.(pp. A-22)}
}

@book{yin2009,
  title={{Case study research: Design and methods}},
  author={Yin, R.K.},
  isbn={1412960991},
  year={2009},
  publisher={Sage Publications, Inc}
}

@article{flyvbjerg2004,
  title={{Five misunderstandings about case-study research}},
  author={Flyvbjerg, B.},
  journal={Qualitative research practice},
  pages={420--434},
  year={2004},
  publisher={Sage Publications Ltd}
}

@article{badenfuller2010,
  title = "Editorial",
  journal = "Long Range Planning",
  volume = "43",
  number = "2-3",
  pages = "143--145",
  year = "2010",
  issn = "0024-6301",
  author = "Charles Baden-Fuller and Benoît Demil and Xavier Lecoq and Ian (Mac) MacMillan"
}

@article{geoffrion2003,
  title={{E-business and management science: Mutual impacts (Part 1 of 2)}},
  author={Geoffrion, A.M. and Krishnan, R.},
  journal={Management Science},
  volume={49},
  number={10},
  pages={1275--1286},
  issn={0025-1909},
  year={2003},
  publisher={JSTOR}
}

@conference{ghaziani2005,
  title={{Keywords and cultural change: Frame analysis of business model public talk, 1975--2000}},
  author={Ghaziani, A. and Ventresca, M.J.},
  booktitle={Sociological Forum},
  volume={20},
  number={4},
  pages={523--559},
  issn={0884-8971},
  year={2005},
  organization={Springer}
}

@article{christensen2001,
  title={{The past and future of competitive advantage}},
  author={Christensen, C.M.},
  journal={Sloan Management Review},
  volume={42},
  number={2},
  pages={105--109},
  issn={0019-848X},
  year={2001}
}

@article{gambardella2010,
  title={{Business-model innovation: General purpose technologies and their implications for industry structure}},
  author={Gambardella, A. and McGahan, A.M.},
  journal={Long Range Planning},
  volume={43},
  number={2-3},
  pages={262--271},
  issn={0024-6301},
  year={2010},
  publisher={Elsevier}
}

@article{itami2010,
  title = "Killing Two Birds with One Stone: Profit for Now and Learning for the Future",
  journal = "Long Range Planning",
  volume = "43",
  number = "2-3",
  pages = "364--369",
  year = "2010",
  issn = "0024-6301",
  author = "Hiroyuki Itami and Kazumi Nishino"
}

@article{sosna2010,
  title = "Business Model Innovation through Trial-and-Error Learning: The Naturhouse Case",
  journal = "Long Range Planning",
  volume = "43",
  number = "2-3",
  pages = "383--407",
  year = "2010",
  issn = "0024-6301",
  author = "Marc Sosna and Rosa Nelly Trevinyo-Rodrîguez and S. Ramakrishna Velamuri"
}

@article{chesbrough2010,
  title = "Business Model Innovation: Opportunities and Barriers",
  journal = "Long Range Planning",
  volume = "43",
  number = "2-3",
  pages = "354--363",
  year = "2010",
  issn = "0024-6301",
  author = "Henry Chesbrough"
}

@article{bower1995,
  title={{Disruptive technologies: catching the wave}},
  author={Bower, J.L. and Christensen, C.M.},
  journal={Harvard Business Review},
  volume={73},
  pages={43--43},
  issn={0017-8012},
  year={1995}
}

@book{christensen1997,
  title={{The innovator's dilemma: when new technologies cause great firms to fail}},
  author={Christensen, C.M.},
  isbn={0875845851},
  year={1997},
  publisher={Harvard Business Press}
}

@book{christensen2003,
  title={{The innovator's solution: Creating and sustaining successful growth}},
  author={Christensen, C.M. and Raynor, M.E.},
  isbn={1578518520},
  year={2003},
  publisher={Harvard Business Press}
}

@article{smith2010,
  title = "Complex Business Models: Managing Strategic Paradoxes Simultaneously",
  journal = "Long Range Planning",
  volume = "43",
  number = "2-3",
  pages = "448--461",
  year = "2010",
  issn = "0024-6301",
  author = "Wendy K. Smith and Andy Binns and Michael L. Tushman"
}

@article{march1991,
  title={{Exploration and exploitation in organizational learning}},
  author={March, J.G.},
  journal={Organization science},
  volume={2},
  number={1},
  pages={71--87},
  issn={1047-7039},
  year={1991},
  publisher={JSTOR}
}

@article{badenfuller2010models,
  title = "Business Models as Models",
  journal = "Long Range Planning",
  volume = "43",
  number = "2-3",
  pages = "156--171",
  year = "2010",
  issn = "0024-6301",
  author = "Charles Baden-Fuller and Mary S. Morgan"
}

@article{masanell2010,
  title = "From Strategy to Business Models and onto Tactics",
  journal = "Long Range Planning",
  volume = "43",
  number = "2-3",
  pages = "195--215",
  year = "2010",
  issn = "0024-6301",
  author = "Ramon Casadesus-Masanell and Joan Enric Ricart"
}

@article{zott2010,
  title = "Business Model Design: An Activity System Perspective",
  journal = "Long Range Planning",
  volume = "43",
  number = "2-3",
  pages = "216--226",
  year = "2010",
  issn = "0024-6301",
  author = "Christoph Zott and Raphael Amit"
}

@article{zott2010b,
  title={{The business model: Theoretical roots, recent developments, and future research}},
  author={Zott, C. and Amit, R. and Massa, L.},
  journal={IESE Research Papers},
  year={2010},
  publisher={IESE Business School}
}

@article{applegate2001,
  title={{E-business Models: Making sense of the Internet business landscape}},
  author={Applegate, L.M.},
  journal={Information technology and the future enterprise: new models for managers},
  year={2001}
}

@article{pauwels2008,
  title={{Moving from free to fee: how online firms market to change their business model successfully}},
  author={Pauwels, K. and Weiss, A.},
  journal={Journal of Marketing},
  volume={72},
  number={3},
  pages={14--31},
  issn={0022-2429},
  year={2008},
  publisher={Am Marketing Assoc}
}

@article{giesen2007,
  title={{Three ways to successfully innovate your business model}},
  author={Giesen, E. and Berman, S.J. and Bell, R. and Blitz, A.},
  journal={Strategy \& Leadership},
  volume={35},
  number={6},
  pages={27--33},
  issn={1087-8572},
  year={2007},
  publisher={Emerald Group Publishing Limited}
}

@article{rometti2006,
  title={{Expanding the Innovation Horizon. The Global CEO Survey 2006}},
  author={Rometti, G.},
  journal={IBM Enterprise Business Services},
  year={2006}
}

@article{kim2004,
  title     = {{Blue Ocean Strategy}},
  author    = {Kim, W.C. and Mauborgne, R.},
  journal   = hbr,
  volume    = {82},
  number    = {10},
  issn      = {0017-8012},
  year      = {2004},
  publisher = {Harvard Business School Publishing Corporation}
}

@book{bryman2008,
  title={{Social research methods}},
  author={Bryman, A.},
  isbn={978-0-19-920295-9},
  year={2008},
  publisher={Oxford University Press},
  address={Great Clarendon Street, Oxford},
  edition={Third}
}

@book{scott1990,
  title={{A matter of record: documentary sources in social research}},
  author={Scott, J.},
  isbn={0745600301},
  year={1990},
  publisher={Polity Press Cambridge, UK}
}

@article{eisenhardt1989,
  title={{Building theories from case study research}},
  author={Eisenhardt, K.M.},
  journal={Academy of management review},
  volume={14},
  number={4},
  pages={532--550},
  issn={0363-7425},
  year={1989},
  publisher={JSTOR}
}

@article{yin1984,
  title={{Case study research}},
  author={Yin, R.},
  journal={Bervely Hills: Sage},
  year={1984}
}

@book{berg2007,
  title = {{Qualitative Research Methods for the Social Sciences (6th Edition)}},
  address = {Needham Heights, MA, USA},
  author = {Berg, Bruce L.},
  edition = {6},
  isbn = {0205482635},
  publisher = {Allyn \& Bacon},
  year = {2007}
}

@article{liao2002,
  title={{Software, shareware and freeware: multiplex commitment to an electronic social exchange system}},
  author={Liao-Troth, M.A. and Griffith, T.L.},
  journal={Journal of Organizational Behavior},
  volume={23},
  number={5},
  pages={635--653},
  issn={1099-1379},
  year={2002},
  publisher={Wiley Online Library}
}

@misc{webb2000,
  title={{Unobtrusive measures (Rev. ed.)}},
  author={Webb, E.J. and Campbell, D.T. and Schwartz, R.D. and Sechrest, L.},
  year={2000},
  publisher={Thousand Oaks, CA: Sage}
}

@article{downe1992,
  title={{Content analysis: method, applications, and issues}},
  author={Downe-Wamboldt, B.},
  journal={Health care for women international},
  volume={13},
  number={3},
  pages={313--321},
  issn={0739-9332},
  year={1992},
  publisher={Routledge}
}

@book{krippendorff2004,
  title={{Content analysis: An introduction to its methodology}},
  author={Krippendorff, K.},
  isbn={0761915451},
  year={2004},
  publisher={Sage Publications, Inc}
}

@techreport{anarconomy2009,
  title={{Anarconomy}},
  author={Mogensen, K.Æ. and Thomsen, J.S. and Rasmussen, N.B. and Traxl, M.H. and Beck, C. and Ditlevsen, C.L.},
  institution={{Copenhagen Institute for Futures Studies}},
  year={2009}
}

@misc{gates2006,
  title={{Beyond Business Intelligence: Delivering a Comprehensive Approach to Enterprise Information Management}},
  author={Gates, B.},
  year={2006},
  month={May},
  howpublished={Retrieved Oct 14, 2010, from \url{http://www.microsoft.com/mscorp/execmail/2006/05-17eim.mspx}}
}

@misc{pujol2010,
  title={{Freemium: attributes of an emerging business model}},
  author={Pujol, N.},
  year={2010},
  month={December},
  howpublished={Retrieved Dec 21, 2010, from \url{http://nicolaspujol.com/wp-content/uploads/2010/11/Freemium-technical-view-of-an-emerging-business-model.pdf}}
}

@incollection{iglesia2008,
  title={{Doing business by selling free services}},
  booktitle={{Web 2.0: The Business Model}},
  author={de la Iglesia, J.L.M. and Gayo, J.E.L.},
  publisher={Springer},
  year={2008},
  isbn={0387858946},
  chapter={6},
  pages={89--102}
}

@book{hayes2008,
  title={{Jump point: How network culture is revolutionizing business}},
  author={Hayes, T.},
  isbn={007154562X},
  year={2008},
  publisher={McGraw-Hill Professional}
}

@misc{semeria2009,
  title={{Freemium - Shmeemium}},
  author={Semeria, D.},
  year={2009},
  month={June},
  howpublished={Retrieved Oct 19, 2010, from \url{http://lmframework.com/blog/2009/06/freemium/}}
}

@misc{loan2009,
  title={{Planning a \q{Freemium} Revenue Model}},
  author={Van Loan, T.},
  year={2009},
  month={October},
  howpublished={Retrieved Nov 27, 2010, from \url{http://blog.recurly.com/2009/10/planning-a-freemium-revenue-model/}}
}

@misc{dahlquist2010,
  title={{New OpenFeint service helps developers go freemium}},
  author={Dahlquist, D.},
  year={2010},
  month={December},
  howpublished={Retrieved Jan 3, 2011, from \url{http://www.macworld.com/article/156225/2010/12/openfeint_ofx.html}}
}

@misc{parker2008,
  title={{Pay to Remove Ads?}},
  author={Parker, A.},
  year={2008},
  month={May},
  howpublished={Retrieved Sep 23, 2010, from \url{http://blog.andrewparker.net/2008/05/12/pay-to-remove-ads/}}
}

@misc{lunn2010,
  title={{Study: SaaS Pricing Is Still Opaque And Freemium Is Rare}},
  author={Lunn, B.},
  year={2010},
  month={January},
  howpublished={Retrieved Oct 14, 2010, from \url{http://www.readwriteweb.com/enterprise/2010/01/analysis-saas-pricing-is-still.php}}
}

@misc{bhullar2010,
  title={{Business Model 101: Why startups often fail at Freemium}},
  author={Bhullar, S.},
  year={2010},
  month={October},
  howpublished={Retrieved Nov 1, 2010, from \url{http://www.pluggd.in/freemium-business-model-and-startups-297/}}
}

@misc{robles2009,
  title={{Freemiums vs. trials: pros and cons}},
  author={Robles, P.},
  year={2009},
  month={September},
  howpublished={Retrieved Oct 14, 2010, from \url{http://econsultancy.com/uk/blog/4672-freemiums-vs-trials-pros-and-cons}}
}

@misc{fry2010,
  title={{Freemium Model}},
  author={Fry, S.},
  year={2010},
  month={June},
  howpublished={Retrieved Oct 14, 2010, from \url{http://spencerfry.com/freemium-model}}
}

@misc{darlin2009,
  title={{Using `Free' to Turn a Profit}},
  author={Darlin, D.},
  year={2009},
  month={August},
  howpublished={Retrieved Sep 19, 2010, from \url{http://www.nytimes.com/2009/08/30/business/30ping.html}}
}

@book{gates1995,
  title={{The road ahead}},
  author={Gates, B. and Myhrvold, N. and Rinearson, P. and Domonkos, D.},
  isbn={0670859133},
  year={1995},
  publisher={Viking New York}
}

@misc{rekhi2010,
  title={{Freemium Design Pattern: Scale Pricing with Customer Success}},
  author={Rekhi, S.},
  year={2010},
  month={February},
  howpublished={Retrieved Sep 19, 2010, from \url{http://www.sachinrekhi.com/blog/2010/02/16/freemium-design-pattern-scale-pricing-with-customer-success}}
}

@misc{hudson2009,
  title={{Thoughts on Free Powered Business Models and Why Time Beats Features}},
  author={Hudson, C.},
  year={2009},
  month={January},
  howpublished={Retrieved Sep 19, 2010, from \url{http://www.charleshudson.net/thoughts-on-free-powered-business-models-and-why-time-beats-features}}
}

@misc{chen2009,
  title={{How to create a profitable Freemium startup}},
  author={Chen, A.},
  year={2009},
  month={January},
  howpublished={Retrieved Sep 19, 2010, from \url{http://andrewchenblog.com/2009/01/19/how-to-create-a-profitable-freemium-startup-spreadsheet-model-included/}}
}

@misc{kim2010,
  title={{One Third of Top-Grossing iPhone Apps Are Free}},
  author={Kim, R.},
  year={2010},
  month={November},
  howpublished={Retrieved Dec 18, 2010, from \url{http://www.nytimes.com/external/gigaom/2010/11/10/10gigaom-one-third-of-top-grossing-iphone-apps-are-free-86181.html}}
}

@misc{morris2010,
  title={{Social Game Maker Zynga's Market Valuation Tops \$5.5B}},
  author={Morris, C.},
  year={2010},
  month={October},
  howpulished={Retrieved Dec 18, 2010, from \url{http://www.cnbc.com/id/39869254/Social_Game_Maker_Zynga_s_Market_Valuation_Tops_5_5B}}
}

@techreport{murphy2010,
  title={{The Reality of Freemium in SaaS}},
  author={Murphy, L.},
  institution={Sixteen Ventures},
  year={2010},
  note={Retrieved Jan 3, 2011, from \url{http://sixteenventures.com/The-Reality-of-Freemium-in-SaaS.pdf}}
}

@article{tellis1997,
  title={{Introduction to case study}},
  author={Tellis, W.},
  journal={The qualitative report},
  volume={3},
  number={2},
  pages={1--11},
  year={1997}
}

@book{yin1994,
  title={{Case study research: Design and methods}},
  author={Yin, R.K.},
  year={1994},
  publisher={Sage Publications, Inc},
  edition={2nd ed.},
  address={Beverly Hills, CA}
}

@article{payne2005,
  title={{Generalization in qualitative research}},
  author={Payne, G. and Williams, M.},
  journal={Sociology},
  volume={39},
  number={2},
  pages={295},
  issn={0038-0385},
  year={2005},
  publisher={Sage Publications}
}

@article{johnson1997,
  title={{Examining the Validity Structure of Qualitative Research.}},
  author={Johnson, R.B.},
  journal={Education},
  volume={118},
  number={2},
  year={1997},
  publisher={Project Innovation}
}

@book{chesbrough2007,
  title={{Open business models: How to thrive in the new innovation landscape}},
  author={Chesbrough, H.W.},
  isbn={1422104273},
  year={2007},
  publisher={Harvard Business Press}
}

@article{tushman1986,
  title={{Technological discontinuities and organizational environments}},
  author={Tushman, M.L. and Anderson, P.},
  journal={Administrative science quarterly},
  volume={31},
  number={3},
  pages={439--465},
  issn={0001-8392},
  year={1986},
  publisher={JSTOR}
}

@book{porter1980,
  title={{Competitive Strategy: Techniques for Analyzing Industries and Competitors}},
  author={Porter, M.E.},
  year={1980},
  month={June},
  publisher={Free Press},
  edition={1st ed.}
}

@article{camerer2004,
  title={{Behavioral economics: Past, present, future}},
  author={Camerer, C.F. and Loewenstein, G.},
  journal={Advances in behavioral economics},
  pages={3--51},
  year={2004}
}

@book{simon1997,
  title={{Models of bounded rationality: Empirically grounded economic reason}},
  author={Simon, H.A.},
  isbn={0262193728},
  year={1997},
  publisher={The MIT Press}
}

@misc{anderson2008,
  title={{Freemium math: what's the right conversion percentage?}},
  author={Anderson, C.},
  year={2008},
  month={November},
  howpublished={Retrieved Sep 12, 2010, from \url{http://www.longtail.com/the_long_tail/2008/11/freemium-math-w.html}}
}

@misc{asay2009,
  title={{A simple formula to gauge a freemium model's success}},
  author={Asay, M.},
  year={2009},
  month={August},
  howpublished={Retrieved Nov 1, 2010, from \url{http://news.cnet.com/8301-13505_3-10314283-16.html}}
}

@article{norton1992,
  title={{The balanced scorecard: measures that drive performance}},
  author={Norton, D. and Kaplan, R.},
  journal={Harvard Business review},
  volume={70},
  number={1},
  year={1992}
}

@inproceedings{saaksjarvi2005,
  title={{Evaluating the software as a service business model: From CPU time-sharing to online innovation sharing}},
  author={Sääksjärvi, M. and Lassila, A. and Nordström, H.},
  booktitle={Proceedings of the IADIS International Conference e-Society},
  pages={177--186},
  year={2005},
  organization={Citeseer}
}

@misc{miller2009,
  title={{Ad Revenue on the Web? No Sure Bet}},
  author={Miller, C.C.},
  year={2009},
  month={May},
  howpublished={Retrieved Sep 12, 2010, from \url{http://www.nytimes.com/2009/05/25/technology/start-ups/25startup.html}}
}

@misc{gannes2010,
  title={{Case Studies in Freemium: Pandora, Dropbox, Evernote, Automattic and MailChimp}},
  author={Gannes, L.},
  year={2010},
  month={March},
  howpublished={Retrieved Jan 5, 2011, from \url{http://gigaom.com/2010/03/26/case-studies-in-freemium-pandora-dropbox-evernote-automattic-and-mailchimp/}}
}

@misc{logmein2010,
  title={{Investor Overview, Q4 2010}},
  author={LogMeIn},
  year={2010},
  howpublished={Retrieved Dec 12, 2010, from \url{http://files.shareholder.com/downloads/ABEA-358CAD/1089163783x0x427024/6ddd9123-e051-4e2d-b199-a5ebce29dea0/LogMeIn_Investor_Presentation_Q4_10.pdf}}
}

@misc{logmein2009,
  title={{Annual Report, 2009}},
  author={LogMeIn},
  year={2009},
  howpublished={Retrieved Dec 12, 2010, from \url{http://files.shareholder.com/downloads/ABEA-358CAD/1089163783x0x364580/4B2D42E5-214D-460D-BB19-1A8AA738372A/45803_Log_Me_In_final.pdf}}
}

@article{moore2010,
  title={{LogMeIn sees stock and app take off with iPad success}},
  author={Moore, G.},
  year={2010},
  month={June},
  note={Retrieved Dec 12, 2010, from \url{http://www.masshightech.com/stories/2010/06/21/daily2-LogMeIn-sees-stock-and-app-take-off-with-iPad-success.html}}
}

@article{seitz2010,
  title={{Switching From Free To Fee}},
  author={Seitz, P.},
  year={2010},
  month={June},
  note={Retrieved Dec 12, 2010, from \url{http://www.investors.com/NewsAndAnalysis/Article/536360/201006041730/Switching-From-Free-To-Fee-.aspx}}
}

@article{vance2009,
  title={{LogMeIn Links to PCs — and Ford Trucks}},
  author={Vance, A.},
  year={2009},
  month={September},
  note={Retrieved Dec 12, 2010, from \url{http://bits.blogs.nytimes.com/2009/09/28/logmein-links-to-pcs-and-ford-150s/}}
}

@article{libin2010,
  title={{Evernote raises \$20 million, led by Sequoia Capital}},
  author={Libin, P.},
  year={2010},
  month={October},
  note={Retrieved Dec 12, 2010, from \url{http://blog.evernote.com/2010/10/19/evernote-raises-20-million-led-by-sequoia-capital/}}
}

@misc{libin2010b,
  title={{Freemium for Consumer Internet, Part 1}},
  author={Libin, P.},
  year={2010},
  howpublished={Video of presentation at Freemium Summit. Retrieved Nov 10, 2010, from \url{http://www.youtube.com/watch?v=5dzLIqoq4nM}}
}

@misc{libin2010c,
  title={{Freemium for Consumer Internet, Part 2}},
  author={Libin, P.},
  year={2010},
  howpublished={Video of presentation at Freemium Summit. Retrieved Nov 10, 2010, from \url{http://www.youtube.com/watch?v=GFllhEOczLI}}
}

@misc{libin2010d,
  title={{Evernote - From a Simple Idea to a Global Success}},
  author={Libin, P.},
  year={2010},
  howpublished={Video of presentation at LeWeb 2010. Retrieved Nov 10, 2010, from \url{http://www.youtube.com/watch?v=Oj-ougERrUQ}}
}

@misc{libin2010e,
  title={{Keynote}},
  author={Libin, P.},
  year={2010},
  howpublished={Video of presentation at Founder Showcase. Retrieved Nov 10, 2010, from \url{http://vimeo.com/11932184}}
}

@article{grove2010,
  title={{How Evernote Turned Note Taking Into a \$10 Million Business}},
  author={Van Grove, J.},
  year={2010},
  month={December},
  note={Retrieved Nov 11, 2010, from \url{http://mashable.com/2010/12/10/evernote-growth/}}
}

@article{sattersten2010,
  title={{Fixed to Flexible Interview with Evernote CEO Phil Libin}},
  author={Sattersten, T.},
  year={2010},
  month={February},
  note={Retrieved Nov 11, 2010, from \url{http://toddsattersten.com/2010/02/fixed-to-flexible-interview-with-evernote-ceo-phil-libin.html}}
}

@article{chestnut2010,
  title={{Going Freemium: One Year Later}},
  author={Chestnut, B.},
  year={2010},
  month={September},
  note={Retrieved Nov 14, 2010, from \url{http://www.mailchimp.com/blog/going-freemium-one-year-later/}}
}

@misc{chestnut2010b,
  title={{The Abuse That Comes With Free, Part 1}},
  author={Chestnut, B.},
  year={2010},
  howpublished={Video of presentation at Freemium Summit. Retrieved Nov 14, 2010, from \url{http://www.youtube.com/watch?v=29j0kyCi0dM}}
}

@misc{chestnut2010c,
  title={{The Abuse That Comes With Free, Part 2}},
  author={Chestnut, B.},
  year={2010},
  howpublished={Video of presentation at Freemium Summit. Retrieved Nov 14, 2010, from \url{http://www.youtube.com/watch?v=7N8jtIawwx8}}
}

@article{warfield2010,
  title={{Freemiums for SaaS}},
  author={Warfield, B.},
  year={2010},
  month={March},
  note={Retrieved Nov 15, 2010, from \url{http://smoothspan.wordpress.com/2010/03/25/freemiums-for-saas/}}
}

@article{warfield2010b,
  title={{References and Pricing for SaaS Startups}},
  author={Warfield, B.},
  year={2010},
  month={April},
  note={Retrieved Nov 15, 2010, from \url{http://smoothspan.wordpress.com/2010/04/05/references-and-pricing-for-saas-startups/}}
}

@article{warfield2010c,
  title={{A Pair of Killer Pricing Articles for Startups}},
  author={Warfield, B.},
  year={2010},
  month={October},
  note={Retrieved Nov 15, 2010, from \url{http://smoothspan.wordpress.com/2010/10/04/a-pair-of-killer-pricing-articles-for-startups/}}
}